<?xml version="1.0" encoding="UTF-8"?><record xmlns="http://www.loc.gov/MARC21/slim" xmlns:cinclude="http://apache.org/cocoon/include/1.0" xmlns:zs="http://www.loc.gov/zing/srw/">
  <leader>00380nz  a2200121n  4500</leader>
  <controlfield tag="001">n  97105633 </controlfield>
  <controlfield tag="003">DLC</controlfield>
  <controlfield tag="005">19971020133905.9</controlfield>
  <controlfield tag="008">971020n| acannaab|          |n aaa |||  </controlfield>
  <datafield tag="010" ind1=" " ind2=" ">
    <subfield code="a">n  97105633 </subfield>
  </datafield>
  <datafield tag="040" ind1=" " ind2=" ">
    <subfield code="a">DLC</subfield>
    <subfield code="c">DLC</subfield>
  </datafield>
  <datafield tag="100" ind1="1" ind2="0">
    <subfield code="a">Willoughby, Tim</subfield>
  </datafield>
  <datafield tag="670" ind1=" " ind2=" ">
    <subfield code="a">Braids are classic, c1991:</subfield>
    <subfield code="b">t.p. (Tim Willoughby) p. 20 (designer of HairLoom Styling Tool and Waterfall Long Hair Shampoo Bowl)</subfield>
  </datafield>
</record>